<collection xmlns="http://www.loc.gov/MARC21/slim">
   <record>
      <leader>04124cam a2200637 i 4500</leader>
      <controlfield tag="001">6671187</controlfield>
      <controlfield tag="005">20140522135548.0</controlfield>
      <controlfield tag="008">140520t20152015pau      b    001 0 eng  </controlfield>
      <datafield ind1=" " ind2=" " tag="010">
         <subfield code="a">  2014007100</subfield>
      </datafield>
      <datafield ind1=" " ind2=" " tag="020">
         <subfield code="a">9781605470900 (alk. paper)</subfield>
      </datafield>
      <datafield ind1=" " ind2=" " tag="035">
         <subfield code="a">ocn880580595</subfield>
      </datafield>
      <datafield ind1=" " ind2=" " tag="040">
         <subfield code="a">DNLM/DLC</subfield>
         <subfield code="c">DLC</subfield>
         <subfield code="e">rda</subfield>
      </datafield>
      <datafield ind1=" " ind2=" " tag="042">
         <subfield code="a">pcc</subfield>
      </datafield>
      <datafield ind1="0" ind2="0" tag="050">
         <subfield code="a">RT81.C23</subfield>
      </datafield>
      <datafield ind1="1" ind2="0" tag="060">
         <subfield code="a">WY 100 DC2</subfield>
      </datafield>
      <datafield ind1="0" ind2="0" tag="082">
         <subfield code="a">610.73071/171</subfield>
         <subfield code="2">23</subfield>
      </datafield>
      <datafield ind1=" " ind2=" " tag="090">
         <subfield code="a">RT 81 C23 F86 2015</subfield>
         <subfield code="b">ARDC</subfield>
      </datafield>
      <datafield ind1=" " ind2=" " tag="090">
         <subfield code="a">RT 81 C23 F86 2015</subfield>
         <subfield code="b">AFMK</subfield>
      </datafield>
      <datafield ind1=" " ind2=" " tag="090">
         <subfield code="a">WY100.DC2 F85 2015</subfield>
         <subfield code="b">AERA</subfield>
      </datafield>
      <datafield ind1=" " ind2=" " tag="090">
         <subfield code="a">RT81 .C23 F86 2015</subfield>
         <subfield code="b">AEGMCT</subfield>
      </datafield>
      <datafield ind1=" " ind2=" " tag="090">
         <subfield code="a">RT 81 C23 F85 2015</subfield>
         <subfield code="b">AEU</subfield>
      </datafield>
      <datafield ind1="0" ind2=" " tag="130">
         <subfield code="a">Fundamentals (Gregory)</subfield>
      </datafield>
      <datafield ind1="1" ind2="0" tag="245">
         <subfield code="a">Fundamentals :</subfield>
         <subfield code="b">perspectives on the art and science of Canadian nursing /</subfield>
         <subfield code="c">[edited by] David Gregory, Christy Raymond-Seniuk, Linda Patrick, Tracey Stephen.</subfield>
      </datafield>
      <datafield ind1="1" ind2=" " tag="246">
         <subfield code="a">Perspectives on the art and science of Canadian nursing</subfield>
      </datafield>
      <datafield ind1=" " ind2="1" tag="264">
         <subfield code="a">Philadelphia :</subfield>
         <subfield code="b">Wolters Kluwer Health,</subfield>
         <subfield code="c">[2015].</subfield>
      </datafield>
      <datafield ind1=" " ind2="4" tag="264">
         <subfield code="c">©2015.</subfield>
      </datafield>
      <datafield ind1=" " ind2=" " tag="300">
         <subfield code="a">xxvii, 1139 pages :</subfield>
         <subfield code="b">colour illustrations ;</subfield>
         <subfield code="c">28 cm</subfield>
      </datafield>
      <datafield ind1=" " ind2=" " tag="336">
         <subfield code="a">text</subfield>
         <subfield code="2">rdacontent</subfield>
         <subfield code="0">http://id.loc.gov/vocabulary/contentTypes/txt</subfield>
      </datafield>
      <datafield ind1=" " ind2=" " tag="337">
         <subfield code="a">unmediated</subfield>
         <subfield code="2">rdamedia</subfield>
         <subfield code="0">http://id.loc.gov/vocabulary/mediaTypes/n</subfield>
      </datafield>
      <datafield ind1=" " ind2=" " tag="338">
         <subfield code="a">volume</subfield>
         <subfield code="2">rdacarrier</subfield>
         <subfield code="0">http://id.loc.gov/vocabulary/carriers/nc</subfield>
      </datafield>
      <datafield ind1=" " ind2=" " tag="504">
         <subfield code="a">Includes bibliographical references and index.</subfield>
      </datafield>
      <datafield ind1=" " ind2=" " tag="596">
         <subfield code="a">8 19 29 35 42</subfield>
      </datafield>
      <datafield ind1=" " ind2="0" tag="650">
         <subfield code="a">Nursing</subfield>
         <subfield code="z">Canada.</subfield>
      </datafield>
      <datafield ind1="1" ind2="2" tag="650">
         <subfield code="a">Nursing Process</subfield>
         <subfield code="z">Canada.</subfield>
      </datafield>
      <datafield ind1="2" ind2="2" tag="650">
         <subfield code="a">Education, Nursing</subfield>
         <subfield code="z">Canada.</subfield>
      </datafield>
      <datafield ind1="2" ind2="2" tag="650">
         <subfield code="a">Nurses</subfield>
         <subfield code="x">psychology</subfield>
         <subfield code="z">Canada.</subfield>
      </datafield>
      <datafield ind1=" " ind2="7" tag="690">
         <subfield code="a">MacEwan scholarly and creative works.</subfield>
         <subfield code="5">CaAEGMCT</subfield>
      </datafield>
      <datafield ind1="1" ind2=" " tag="700">
         <subfield code="a">Gregory, David Michael,</subfield>
         <subfield code="d">1958- ,</subfield>
         <subfield code="e">editor.</subfield>
         <subfield code="0">http://id.loc.gov/authorities/names/n2001003473</subfield>
         <subfield code="0">http://viaf.org/viaf/12546499</subfield>
      </datafield>
      <datafield ind1="1" ind2=" " tag="700">
         <subfield code="a">Raymond-Seniuk, Christy,</subfield>
         <subfield code="e">editor.</subfield>
         <subfield code="0">http://id.loc.gov/authorities/names/n2014181707</subfield>
         <subfield code="0">http://viaf.org/viaf/306383068</subfield>
      </datafield>
      <datafield ind1="1" ind2=" " tag="700">
         <subfield code="a">Patrick, Linda,</subfield>
         <subfield code="e">editor.</subfield>
         <subfield code="0">http://id.loc.gov/authorities/names/n2014181709</subfield>
         <subfield code="0">http://viaf.org/viaf/306383069</subfield>
      </datafield>
      <datafield ind1="1" ind2=" " tag="700">
         <subfield code="a">Stephen, Tracey C.,</subfield>
         <subfield code="e">editor.</subfield>
         <subfield code="0">http://id.loc.gov/authorities/names/n2009180668</subfield>
         <subfield code="0">http://viaf.org/viaf/78878914</subfield>
      </datafield>
      <datafield ind1=" " ind2=" " tag="758">
         <subfield code="0">http://worldcat.org/entity/work/id/23059750</subfield>
      </datafield>
      <datafield ind1="0" ind2=" " tag="787">
         <subfield code="n">OCLC Work Id</subfield>
         <subfield code="o">http://worldcat.org/entity/work/id/23059750</subfield>
      </datafield>
      <datafield ind1=" " ind2=" " tag="926">
         <subfield code="a">RT81 .C23 F86 2015</subfield>
         <subfield code="w">LC</subfield>
         <subfield code="c">1</subfield>
         <subfield code="i">1007382516</subfield>
         <subfield code="d">1/20/2017</subfield>
         <subfield code="e">12/2/2016</subfield>
         <subfield code="l">ON_SHELF</subfield>
         <subfield code="m">GR_MACEWAN</subfield>
         <subfield code="n">5</subfield>
         <subfield code="p">$149.44</subfield>
         <subfield code="q">4</subfield>
         <subfield code="r">Y</subfield>
         <subfield code="s">Y</subfield>
         <subfield code="t">BOOK</subfield>
         <subfield code="u">9/11/2014</subfield>
      </datafield>
      <datafield ind1=" " ind2=" " tag="926">
         <subfield code="a">RT81 .C23 F86 2015</subfield>
         <subfield code="w">LC</subfield>
         <subfield code="c">2</subfield>
         <subfield code="i">1007664657</subfield>
         <subfield code="d">2/28/2017</subfield>
         <subfield code="e">2/28/2017</subfield>
         <subfield code="k">RESERVES</subfield>
         <subfield code="l">ON_SHELF</subfield>
         <subfield code="m">GR_MACEWAN</subfield>
         <subfield code="n">11</subfield>
         <subfield code="p">$264.60</subfield>
         <subfield code="r">Y</subfield>
         <subfield code="s">Y</subfield>
         <subfield code="t">BOOK</subfield>
         <subfield code="u">10/3/2016</subfield>
         <subfield code="z">TEXTBK-MAC</subfield>
         <subfield code="0">TEXTBK-MAC</subfield>
      </datafield>
      <datafield ind1=" " ind2=" " tag="926">
         <subfield code="a">WY 100 DC2 F85 2015</subfield>
         <subfield code="w">NLM</subfield>
         <subfield code="c">1</subfield>
         <subfield code="i">0163720100243</subfield>
         <subfield code="d">1/23/2017</subfield>
         <subfield code="e">6/17/2015</subfield>
         <subfield code="l">ON_SHELF</subfield>
         <subfield code="m">AHS_RAH</subfield>
         <subfield code="n">6</subfield>
         <subfield code="r">Y</subfield>
         <subfield code="s">Y</subfield>
         <subfield code="t">BOOK</subfield>
         <subfield code="u">9/4/2014</subfield>
      </datafield>
      <datafield ind1=" " ind2=" " tag="926">
         <subfield code="a">RT 81 C23 F86 2015</subfield>
         <subfield code="w">LC</subfield>
         <subfield code="c">1</subfield>
         <subfield code="i">34917001367528</subfield>
         <subfield code="d">12/19/2016</subfield>
         <subfield code="e">9/28/2015</subfield>
         <subfield code="k">RESERVES</subfield>
         <subfield code="l">ON_SHELF</subfield>
         <subfield code="m">KEYANO</subfield>
         <subfield code="n">1</subfield>
         <subfield code="p">$121.59</subfield>
         <subfield code="r">Y</subfield>
         <subfield code="s">Y</subfield>
         <subfield code="t">BOOK</subfield>
         <subfield code="u">9/29/2014</subfield>
         <subfield code="o">.STAFF. Rec'd Oct/14 MW</subfield>
      </datafield>
      <datafield ind1=" " ind2=" " tag="926">
         <subfield code="a">RT 81 C23 F85 2015</subfield>
         <subfield code="w">LC</subfield>
         <subfield code="c">1</subfield>
         <subfield code="i">0162035196268</subfield>
         <subfield code="d">1/31/2017</subfield>
         <subfield code="e">1/31/2017</subfield>
         <subfield code="k">CHECKEDOUT</subfield>
         <subfield code="l">ON_SHELF</subfield>
         <subfield code="m">UAHLTHSC</subfield>
         <subfield code="n">5</subfield>
         <subfield code="p">$150.00</subfield>
         <subfield code="r">M</subfield>
         <subfield code="s">Y</subfield>
         <subfield code="t">BOOK</subfield>
         <subfield code="u">12/11/2014</subfield>
      </datafield>
      <datafield ind1=" " ind2=" " tag="926">
         <subfield code="a">RT 81 C23 F86 2015</subfield>
         <subfield code="w">LC</subfield>
         <subfield code="c">1</subfield>
         <subfield code="i">30125302456867</subfield>
         <subfield code="d">3/25/2017</subfield>
         <subfield code="e">3/25/2017</subfield>
         <subfield code="l">RESERVES</subfield>
         <subfield code="m">RED_DEER_C</subfield>
         <subfield code="n">87</subfield>
         <subfield code="r">Y</subfield>
         <subfield code="s">Y</subfield>
         <subfield code="t">BOOK</subfield>
         <subfield code="u">8/20/2015</subfield>
         <subfield code="o">.CIRCNOTE. Student reserves copy.</subfield>
      </datafield>
      <datafield ind1=" " ind2=" " tag="926">
         <subfield code="a">RT 81 C23 F86 2015</subfield>
         <subfield code="w">LC</subfield>
         <subfield code="c">1</subfield>
         <subfield code="i">30125302459952</subfield>
         <subfield code="d">3/6/2017</subfield>
         <subfield code="e">3/6/2017</subfield>
         <subfield code="k">CHECKEDOUT</subfield>
         <subfield code="l">RESERVES</subfield>
         <subfield code="m">RED_DEER_C</subfield>
         <subfield code="n">5</subfield>
         <subfield code="r">M</subfield>
         <subfield code="s">Y</subfield>
         <subfield code="t">LOCAL_LOAN</subfield>
         <subfield code="u">8/27/2015</subfield>
      </datafield>
      <datafield ind1=" " ind2=" " tag="926">
         <subfield code="a">RT 81 C23 F86 2015</subfield>
         <subfield code="w">LC</subfield>
         <subfield code="c">2</subfield>
         <subfield code="i">30125302459960</subfield>
         <subfield code="d">3/31/2017</subfield>
         <subfield code="e">8/26/2016</subfield>
         <subfield code="l">RESERVES</subfield>
         <subfield code="m">RED_DEER_C</subfield>
         <subfield code="n">2</subfield>
         <subfield code="r">Y</subfield>
         <subfield code="s">Y</subfield>
         <subfield code="t">LOCAL_LOAN</subfield>
         <subfield code="u">8/27/2015</subfield>
      </datafield>
      <datafield ind1=" " ind2=" " tag="926">
         <subfield code="a">RT 81 C23 F86 2015</subfield>
         <subfield code="w">LC</subfield>
         <subfield code="c">3</subfield>
         <subfield code="i">30125302459986</subfield>
         <subfield code="d">1/4/2017</subfield>
         <subfield code="e">1/4/2017</subfield>
         <subfield code="k">CHECKEDOUT</subfield>
         <subfield code="l">RESERVES</subfield>
         <subfield code="m">RED_DEER_C</subfield>
         <subfield code="n">2</subfield>
         <subfield code="r">M</subfield>
         <subfield code="s">Y</subfield>
         <subfield code="t">LOCAL_LOAN</subfield>
         <subfield code="u">8/27/2015</subfield>
      </datafield>
      <datafield ind1=" " ind2=" " tag="926">
         <subfield code="a">RT 81 C23 F86 2015</subfield>
         <subfield code="w">LC</subfield>
         <subfield code="c">4</subfield>
         <subfield code="i">30125302459978</subfield>
         <subfield code="d">1/3/2017</subfield>
         <subfield code="e">1/3/2017</subfield>
         <subfield code="k">CHECKEDOUT</subfield>
         <subfield code="l">RESERVES</subfield>
         <subfield code="m">RED_DEER_C</subfield>
         <subfield code="n">3</subfield>
         <subfield code="r">M</subfield>
         <subfield code="s">Y</subfield>
         <subfield code="t">LOCAL_LOAN</subfield>
         <subfield code="u">8/27/2015</subfield>
      </datafield>
      <datafield ind1=" " ind2=" " tag="926">
         <subfield code="a">RT 81 C23 F86 2015</subfield>
         <subfield code="w">LC</subfield>
         <subfield code="c">5</subfield>
         <subfield code="i">30125302460018</subfield>
         <subfield code="d">10/21/2016</subfield>
         <subfield code="e">9/9/2016</subfield>
         <subfield code="l">RESERVES</subfield>
         <subfield code="m">RED_DEER_C</subfield>
         <subfield code="n">2</subfield>
         <subfield code="r">Y</subfield>
         <subfield code="s">Y</subfield>
         <subfield code="t">LOCAL_LOAN</subfield>
         <subfield code="u">8/27/2015</subfield>
      </datafield>
      <datafield ind1=" " ind2=" " tag="926">
         <subfield code="a">RT 81 C23 F86 2015</subfield>
         <subfield code="w">LC</subfield>
         <subfield code="c">6</subfield>
         <subfield code="i">30125302460000</subfield>
         <subfield code="d">12/20/2016</subfield>
         <subfield code="e">12/20/2016</subfield>
         <subfield code="k">CHECKEDOUT</subfield>
         <subfield code="l">RESERVES</subfield>
         <subfield code="m">RED_DEER_C</subfield>
         <subfield code="n">3</subfield>
         <subfield code="r">M</subfield>
         <subfield code="s">Y</subfield>
         <subfield code="t">LOCAL_LOAN</subfield>
         <subfield code="u">8/27/2015</subfield>
      </datafield>
      <datafield ind1=" " ind2=" " tag="926">
         <subfield code="a">RT 81 C23 F86 2015</subfield>
         <subfield code="w">LC</subfield>
         <subfield code="c">7</subfield>
         <subfield code="i">30125302459994</subfield>
         <subfield code="d">1/31/2017</subfield>
         <subfield code="e">1/31/2017</subfield>
         <subfield code="k">CHECKEDOUT</subfield>
         <subfield code="l">RESERVES</subfield>
         <subfield code="m">RED_DEER_C</subfield>
         <subfield code="n">6</subfield>
         <subfield code="r">M</subfield>
         <subfield code="s">Y</subfield>
         <subfield code="t">LOCAL_LOAN</subfield>
         <subfield code="u">8/27/2015</subfield>
      </datafield>
   </record>
</collection>
